<?xml version="1.0" encoding="UTF-8"?><collection xmlns="http://www.loc.gov/MARC21/slim"><record><leader>00524nam--2200181-i-4500</leader><controlfield tag="001">000032116</controlfield><controlfield tag="002">20161230</controlfield><controlfield tag="005">20161230201039</controlfield><controlfield tag="008">060222s1000------------r-----000-0-RUM-d</controlfield><datafield ind1=" " ind2=" " tag="040"><subfield code="a">IFIN-HH</subfield></datafield><datafield ind1=" " ind2=" " tag="041"><subfield code="a">RUM</subfield></datafield><datafield ind1=" " ind2=" " tag="080"><subfield code="a">519.226.5</subfield></datafield><datafield ind1="1" ind2=" " tag="100"><subfield code="a">Malita, Mircea</subfield></datafield><datafield ind1="1" ind2="0" tag="245"><subfield code="a">Incertitudine si decizie. vol. 1: (analiza incertitudinii)</subfield><subfield code="c">Mircea malita; corneliu zidaroiu</subfield></datafield><datafield ind1=" " ind2=" " tag="260"><subfield code="a">Bucuresti, Editura Stiintifica Si Enciclopedica, 1980. 472p</subfield></datafield><datafield ind1=" " ind2=" " tag="490"><subfield code="v">vol.1</subfield></datafield><datafield ind1=" " ind2=" " tag="852"><subfield code="a">48017</subfield><subfield code="c">519.2</subfield></datafield><datafield ind1=" " ind2=" " tag="CAT"><subfield code="a">Sys</subfield><subfield code="c">20100607</subfield><subfield code="h">104529</subfield></datafield></record></collection>